@inproceedings{Stacey2011StrategicMA,
	title={Strategic Management and Organisational Dynamics: The challenge of complexity to ways of thinking about organisations},
	author={R. Stacey},
	year={2011}
}

@misc{beck2001agile,
	added-at = {2007-12-30T11:39:05.000+0100},
	author = {Beck, Kent and Beedle, Mike and van Bennekum, Arie and Cockburn, Alistair and Cunningham, Ward and Fowler, Martin and Grenning, James and Highsmith, Jim and Hunt, Andrew and Jeffries, Ron and Kern, Jon and Marick, Brian and Martin, Robert C. and Mellor, Steve and Schwaber, Ken and Sutherland, Jeff and Thomas, Dave},
	biburl = {https://www.bibsonomy.org/bibtex/28954248a545d88dd2c0e688d1c7e2f9d/juve},
	booktitle = {Manifesto for Agile Software Development},
	description = {Manifesto for Agile Software Development},
	interhash = {098cc7e185f10c3da390459a01e0d535},
	intrahash = {8954248a545d88dd2c0e688d1c7e2f9d},
	keywords = {imported},
	timestamp = {2007-12-30T11:39:05.000+0100},
	title = {Manifesto for Agile Software Development},
	url = {http://www.agilemanifesto.org/},
	year = 2001
}


@book{disc,
	title={Emotions of normal people},
	author={M.W. Marston},
	year={1928}
}

@book{disc_pm,
	title={Project Management that Works},
	author={Rick A. Morris, Brette McWhorter Sember},
	chapter={8},
	year={2008}
}

@book{Wasserfall,
	title={Basiswissen Softwareprojektmanagement},
	author={Bernd Hindel, Klaus Hörmann, Markus Müller, Jürgen Schmied},
	chapter={2},
	year={2009}
}

@misc{scrum,
	title = {What is scrum?},
	howpublished = {\url{https://www.atlassian.com/agile/scrum}},
	note = {Zugegriffen: 21.01.2021}
}

@misc{disg_charakteristika,
	title = {Das DISG-Modell (Basis für einen Persönlichkeitstest) *)},
	howpublished = {\url{https://www.mensch-und-psyche.de/typenmodelle/das-disg-modell/}},
	note = {Zugegriffen: 10.01.2021}
}

@misc{agile_pm,
	title = {AGILES PROJEKTMANAGEMENT IN DER DATA SCIENCE},
	howpublished = {\url{https://www.data-science-architect.de/agiles-projektmanagement-data-science/}},
	note = {Zugegriffen: 11.01.2021}
}

@misc{stacey_img,
	title = {Stacey-Matrix im Projektmanagement},
	howpublished = {\url{https://cutt.ly/AjF558g}},
	note = {Zugegriffen: 11.01.2021}
}

@misc{kanban,
	title = {What is kanban?},
	howpublished = {\url{https://www.atlassian.com/agile/kanban}},
	note = {Zugegriffen: 11.01.2021}
}


